@incollection{menke:kontrapunkt1,
	author = {Menke, Johannes},
	title = {Kontrapunkt I: Die Musik der Renaissance},
	publisher = {Laaber-Verlag},
	date = {2015},
	location = {Laaber},
	booktitle = {Grundlagen der Musik},
	editor = {Felix Diergarten und Manuel Gervink},
	volume = {2}
}

@online{duchemin:lost-voices,
	title = {The Lost Voices Project},
	subtitle = {Companion resource to Les livres de Chansons Nouvelles de Nicolas Du Chemin (1549--1568)},
	publisher = {Centre d’Études Supérieures de la Renaissance in Tours, France},
	location = {Haverford},
	url = {http://digitalduchemin.org/},
	urldate = {2018-09-21}
}

@book{mitzscherlich:musikpsychologie,
	author = {Mitzscherlich, Beate},
	title = {Musikpsychologie im Instrumentalunterricht},
	subtitle = {Eine Einführung},
	publisher = {Friedrich Hofmeister Musikverlag},
	year = {2008},
	location = {Leipzig},
}
